---
---

@article{Wortsman_2019_NeurIPS,
  title = {Discovering Neural Wirings},
  author = {Wortsman, Mitchell and Farhadi, Ali and Rastegari, Mohammad},
  booktitle = {Advances in Neural Information Processing Systems 32},
  editor = {H. Wallach and H. Larochelle and A. Beygelzimer and F. d\textquotesingle Alch\'{e}-Buc and E. Fox and R. Garnett},
  pages = {2684--2694},
  year = {2019},
  publisher = {Curran Associates, Inc.},
  arxiv={1906.00586},
  poster={dnw_poster.pdf},
  site={https://mitchellnw.github.io/blog/2019/dnw/},
  abbr={NeurIPS},
  code={https://github.com/allenai/dnw},
}


@InProceedings{Wortsman_2019_CVPR,
  author={Mitchell Wortsman and Kiana Ehsani and Mohammad Rastegari and Ali Farhadi and Roozbeh Mottaghi},
  title={Learning to Learn How to Learn: Self-Adaptive Visual Navigation Using Meta-Learning},
  booktitle = {The IEEE Conference on Computer Vision and Pattern Recognition (CVPR)},
  month = {June},
  year = {2019},
  poster={savn_poster.pdf},
  site={https://prior.allenai.org/projects/savn},
  arxiv={1812.00971},
  code={https://github.com/allenai/savn},
  presentation={https://www.youtube.com/watch?v=Je5LlZlqUt8&t=5465s},
  abbr={CVPR},
  note={Oral},
}
