---
---

@misc{wortsman2020supermasks,
    title={Supermasks in Superposition},
    author={Mitchell Wortsman* and Vivek Ramanujan* and Rosanne Liu and Aniruddha Kembhavi and Mohammad Rastegari and Jason Yosinski and Ali Farhadi},
    year={2020},
    eprint={2006.14769},
    archivePrefix={arXiv},
    primaryClass={cs.LG},
    arxiv={2002.03231},
    code={https://github.com/RAIVNLab/supsup},
}
