---
---

@thesis{Wortsman2018BrownThesis,
  author       = {Mitchell Wortsman and Ankan Ganguly and Kavita Ramanan},
  title={Interacting Particles Systems and Efficient Approximations for Large Sparse Graphs},
  school       = {Brown University},
  year         = 2018,
  type         ={thesis},
  pdf = {brown_thesis.pdf},
  slides = {brown_thesis_slides.pdf}
}